@MISC{anderson,
  AUTHOR="E. Anderson and Z. Bai and C. Bischof and S. Blackford and J. Demmel and J. Dongarra and J. Du Croz and A. Greenbaum and S. Hammarling and A. McKenney and D. Sorenson",
  TITLE="LAPACK User's Guide",
  EDITION="3rd",
  PUBLISHER="SIAM",
  ADDRESS= "Philadelphia, PA",
  YEAR=1999,
}

@article{berg2008dagum,
  title={The Dagum family of isotropic correlation functions},
  author={Berg, C. and Mateu, J. and Porcu, E.},
  journal={Bernoulli},
  volume={14},
  number={4},
  pages={1134--1149},
  year={2008},
  publisher={Bernoulli Society for Mathematical Statistics and Probability}
}

@BOOK{cressie,
   AUTHOR="Noel A. Cressie",
   TITLE="Statistics for Spatial Data",
   PUBLISHER="John Wiley and Sons",
   ADDRESS="New York",
   YEAR=1993,
   ISBN={0471002550}
}

@article{davis1997six,
  title={Six factors which affect the condition number of matrices associated with kriging},
  author={Davis, G.J. and Morris, M.D.},
  journal={Mathematical geology},
  volume={29},
  number={5},
  pages={669--683},
  year={1997},
  publisher={Springer}
}

@TECHREPORT{eldred2007dakota,
  title={DAKOTA version 4.1 users manual},
author={Eldred, M.S. and Adams, B.M. and Gay, D.M. and Swiler, L.P. and Haskell, K. and Bohnhoff, W.J. and Eddy, J.P. and Hart, W.E. and Watson, J.P and Griffin, J.D. and Hough, P.D. and Kolda, T.G. and Williams, P.J. and Martinez-Canales, M.L.},
  institution={Sandia National Laboratories},
  address={Albuquerque, NM},
  type={Sandia Technical Report},
  number={SAND2006-6337},
  year={2007},
  url={http://dakota.sandia.gov/licensing/release/Users4.1.pdf}
}
   
@ARTICLE{friedman,
   AUTHOR="Jerome Friedman",
   TITLE="Multivariate Adaptive Regression Splines",
   JOURNAL="Annals of Statistics",
   VOLUME=19,
   NUMBER=1,
   YEAR=1991,
   PAGES="1--141"
}

@INPROCEEDINGS{giunta,
   AUTHOR="Anthony A. Giunta and L. Watson",
   TITLE="A comparison of approximation modeling techniques: polynomial versus interpolating models",
   BOOKTITLE="Proceedings of the 7th AIAA/USAF/NASA/ISSMO Symposium on Multidisciplinary Analysis and Optimization",
   ADDRESS="St. Louis, MO",
   YEAR=1998,
   PAGES="392--404"
}

@incollection{gneiting2007geostatistical,
  title={Geostatistical space-time models, stationarity, separability and full symmetry},
  author={Gneiting, T. and Genton, M.G. and Guttorp, P.},  
  year={2007},
  booktitle={Statistical Methods for Spatio-Temporal Systems},
  editor={Finkenstadt, B. and Held, L. and Isham, V.},
  chapter={4},
  pages={151-172},
  publisher={Boca Raton: Chapman \& Hall/CRC},
}


@ARTICLE{koehler,
   AUTHOR="J. R. Koehler and A. B. Owen",
   TITLE="Computer Experiments",
   JOURNAL="Handbook of Statistics",
   VOLUME=13,
   EDITOR="S. Ghosh and C. R. Rao",
   PUBLISHER="Elsevier Science",
   YEAR=1996,
   PAGES="261--308"
}

@article{martin2009computational,
  title={Computational Improvements to Estimating Kriging Metamodel Parameters},
  author={Martin, J.D.},
  journal={Journal of Mechanical Design},
  volume={131},
  pages={084501},
  year={2009}
}

@book{matheron1971theory,
  title={The theory of regionalized variables and its applications},
  author={Matheron, G.},
  series={Les Cahiers du Centre de morphologie math{\'e}matique de Fontainebleau},
  url={http://books.google.com/books?id=TGhGAAAAYAAJ},
  year={1971},
  publisher={{\'E}cole national sup{\'e}rieure des mines}
}

@TECHREPORT{nealen,
  AUTHOR= "A. Nealen",
  TITLE = "A Short-As-Possible Introduction to the Least Squares, Weighted Least Squares, and Moving Least Squares Methods for Scattered Data Approximation and Interpolation",
  INSTITUTION = "Discrete Geometric Modeling Group, Technishe Universitaet",
  ADDRESS = "Berlin, Germany",
  YEAR = 2004
}

@TECHREPORT{orr,
  AUTHOR = "M. J. L. Orr",
  TITLE = "Introduction to Radial Basis Function Networks",
  INSTITUTION = "University of Edinburgh",
  ADDRESS = "Edinburgh, Scotland",
  YEAR = 1996
}

@ARTICLE{powell,
   AUTHOR="B. Powell and L. C. Steelman",
   TITLE="Variations in State SAT Performance: Meaningful or Misleading?",
   JOURNAL="Harvard Educational Review",
   VOLUME=54,
   NUMBER=4,
   YEAR=1984,
   PAGES="389--412"
}

@BOOK{ramsey,
   AUTHOR="Fred L. Ramsey and Daniel W. Schafer",
   TITLE="The Statistical Sleuth: A Course in Methods of Data Analysis",
   PUBLISHER="Duxbury",
   ADDRESS="Pacific Grove, CA",
   PAGES="339--342",
   YEAR=2002,
   CHAPTER=12,
   ISBN={0534386709}
}

@article{rennen2009subset,
  title={Subset selection from large datasets for Kriging modeling},
  author={Rennen, G.},
  journal={Structural and Multidisciplinary Optimization},
  volume={38},
  number={6},
  pages={545--569},
  year={2009},
  publisher={Springer}
}

@ARTICLE{romero,
   AUTHOR="V. J. Romero and Laura P. Swiler and Anthony A. Giunta",
   TITLE="Construction of response surfaces based on progressiv-lattice-sampling experimental designs",
   JOURNAL="Structural Safety",
   VOLUME=26,
   NUMBER=2,
   YEAR=2004,
   PAGES="201--219"
}

@TECHREPORT{zimmerman,
    AUTHOR="David C. Zimmerman",
    TITLE="Genetic Algorithms for Navigating Expensive and Complex Design Spaces",
    INSTITUTION="Sandia National Laboratories",
    NUMBER="AO-7736 CA 02",
    YEAR=1996
}



